1
@article{tassey02NIST,
  author="G.Tassey",
  title="The economic impacts of inadequate infrastructure for software testing",
  journal="National Institute of Standards and Technology, RTI Project",
  volume="7007",
  number="011",
  year="2002",
  pages="96-17"
}
2
@article{ChScience:SGarg1998IEEEJC,
  author        = "S. Garg and A. Puliafito and M. Telek and K.S. Trivedi",
  title         = "Analysis of preventive maintenance in transactions
                   based software systems",
  journal       = IEEE_J_C,
  volume        = "47",
  number        = "1",
  year          = "1998",
  pages         = "96-107"
}
3
@misc{ariane5,
  author="B.Inquiry",
  title="ARIANE 5 - Flight 501 Failure",
  year="1996"
}
4
@article{leveson93Computer,
  author="L.G. Nancy G and C.S.Turner.",
  title="An investigation of the Therac-25 accidents",
  journal=IEEE_M_C,
  volume="26",
  number="7",
  year="1993",
  pages="18-41"
}
5
@article{ElbaumTSE2002,
  author="S. Elbaum and A.G. Malishevsky and G.Rothermel",
  title="Test case prioritization: a family of empirical studies",
  journal=IEEE_J_SE,
  volume="28",
  number="2",
  year="2002",
  pages="159-182"
}
6
@article{Hagar2015computer,
  author="J.D. Hagar and T.L. Wissink and D.R. Kuhn and R.N. Kacker",
  title="Introducing combinatotial testing in a large organization",
  journal=IEEE_M_C,
  volume="48",
  number="4",
  year="2015",
  pages="64-72"
}
7
@article{Cohen1997TSE,
  author="D.M. Cohen and D.R. Dalal and M.L. Fredman and G.C. Patton",
  title="The AETG system: an approach to testing based on combinatorial design",
  journal=IEEE_J_SE,
  volume="23",
  number="7",
  year="1997",
  pages="437-444"
}
8
@article{Kuhn2009computer,
  author="R. Kuhn and R. kacker and Y. Lei and J. Hunter",
  title="Combinatorial software testing",
  journal=IEEE_M_C,
  volume="42",
  number="8",
  year="2009",
  pages="94-96"
}
9
@article{Mats2005testing,
  author="M. Grindal and J. Offutt and S.F. Andler",
  title="Combination Testing Strategies: A Survey",
  journal="Software Testing,Verification and Reliability",
  volume="15",
  number="3",
  year="2005",
  publisher="IEEE",
  pages="167-199"
}
10
@inproceedings{Nie2013QSC,
  author="C. Nie and H. Leung and K-Y. Cai",
  title="Adaptive combinatorial testing ",
  booktitle="2013 13th international conference on quality software  ",
  year="2013",
  pages="284-287"
}
11
@inproceedings{Fouche2009ISSTA,
  author="S. Fouche and M.B. Cohen and A. Porter",
  title="an incremental covering array failure characterization in large configuration space ",
  booktitle="2009 ISSTA  ",
  year="2009",
  pages="177-188"
}
12
@inproceedings{kuhn02SEW,
  author="D.R. Kuhn and M.J. Reilly",
  title="An investigation of the applicability of design of experiments to software testing",
  booktitle="Proceedings of the 27th Annual NASA Goddard/IEEE Software Engineering Workshop (SEW~'02)",
  year="2002",
  pages="91-95"
}
13
@article{kuhn04TSE,
  author="D.R. Kuhn and D.R. Wallace and G. J. AM ",
  title="Software fault interactions and implications for software testing",
  journal=IEEE_J_SE,
  volume="30",
  number="6",
  year="2004",
  pages="418-421"
}
14
@inproceedings{chen11ICSE,
  Author="B. Chen and J. Zhang",
  title="Tuple density: a new metric for combinatorial test suites (NIER track)",
  booktitle="Proceedings of the 33rd International Conference on Software Engineering (ICSE~'11)",
  year="2011",
  organization="ACM",
  pages="876-879"
}
15
@inproceedings{vilkomir13ICSTW,
  author="S. Vilkomir and O. Starov and R. Bhambroo",
  title="Evaluation of t-wise approach for testing logical expressions in software",
  booktitle="Proceedings of the 6th IEEE International Conference on Software Testing, Verification and Validation Workshops (ICSTW~'13)",
  year="2013",
  organization="IEEE",
  pages="249-256"
}
16
@article{nie11CSUR,
  author="C. Nie and H. Leung",
  title="A survey of combinatorial testing",
  journal="ACM Computing Surveys",
  volume="43",
  number="2",
  year="2011",
  publisher="ACM",
  pages="11"
}
17
@book{kuhn13book,
  author="D.R. Kuhn and R.N. Kacker and Y. Lei",
  title="Introduction to Combinatorial Testing",
  publisher="CRC press",
  year="2013"
}
18
@book{zhang14book,
  author="J. Zhang and Z. Zhang and F. Ma",
  title="Automatic Generation of Combinatorial Test Data",
  publisher="Springer Berlin Heidelberg",
  year="2014"
}
19
@article{chateauneuf02JCD,
  author="M. Chateauneuf and D.L. Kreher",
  title="On the state of strength-three covering arrays",
  journal="Journal of Combinatorial Designs",
  volume="10",
  number="4",
  year="2002",
  publisher="Wiley Online Library",
  pages="217-238",
}
20
@article{stevens99JCD,
  author="B. Stevens and E. Mendelsohn",
  title="New recursive methods for transversal covers",
  journal="Journal of Combinatorial Designs",
  volume="7",
  number="3",
  year="1999",
  pages="185-203",
}
21
@book{colbourn06book,
  author="C.J. Colbourn and J.H. Dinitz",
  title="Handbook of Combinatorial Designs",
  publisher="CRC press",
  year="2006"
}
22
@article{colbourn06JCD,
  author="C.J. Colbourn and S. Martirosyan and G.L. Mullen and D. Shasha and G.B. Sherwood and J.L. Yucas",
  title="Products of mixed covering arrays of strength two",
  journal="Journal of Combinatorial Designs",
  volume="14",
  number="2",
  year="2006",
  pages="124-138"
}
23
@article{martirosyan04DCC,
  author="S. Martirosyan and others",
  title="On t-covering arrays",
  journal="Designs, Codes and Cryptography",
  volume="32",
  number="1-3",
  year="2004",
  pages="323-339",
}
24
@inproceedings{sherwood94STAR,
  author="G. Sherwood",
  title="Effective testing of factor combinations",
  booktitle="Proceedings of the 3rd International Conference on Software Testing, Analysis \& Review",
  year="1994",
  pages="151-166"
}
25
@inproceedings{tung00AC,
  author="Y.W. Tung and W.S. Aldiwan",
  title="Automating test case generation for the new generation mission software system",
  booktitle="Proceedings of the 2000 IEEE Aerospace Conference",
  volume="1",
  organization="IEEE",
  year="2000",
  pages="431-437"
}
26
@inproceedings{cohen07ISSTA,
  author="M.B. Cohen and M.B. Dwyer and J. Shi",
  title="Interaction testing of highly-configurable systems in the presence of constraints",
  booktitle="Proceedings of the 16th International Symposium on Software Testing and Analysis (ISSTA~'07)",
  organization="ACM",
  year="2007",
  pages="129-139"
}
27
@article{cohen08TSE,
  author="M.B. Cohen and M.B. Dwyer and J.Shi",
  title="Constructing interaction test suites for highly-configurable systems in the presence of constraints: a greedy approach",
  journal=IEEE_J_SE,
  volume="34",
  number="5",
  year="2008",
  pages="633-650",
}
28
@inproceedings{czerwonka06PNSQC,
  author="J. Czerwonka",
  title="Pairwise testing in the real world: Practical extensions to test-case scenarios",
  booktitle="Proceedings of 24th Pacific Northwest Software Quality Conference",
  year="2006",
  pages="419-430"
}
29
@inproceedings{calvagna08TAP,
  author="A. Calvagna and A. Gargantini",
  title="A logic-based approach to combinatorial testing with constraints",
  booktitle="Proceedings of the 2nd International Conference on Tests and Proofs (TAP~'08)",
  year="2008",
  publisher="Springer",
  pages="66-83"
}
30
@inproceedings{zhao13ICSTW,
  author="Y. Zhao and Z. Zhang and J. Yan and J. Zhang",
  title="Cascade: a test generation tool for combinatorial testing",
  booktitle="Proceedings of the 6th IEEE International Conference on Software Testing, Verification and Validation Workshops (ICSTW~'13)",
  year="2013",
  organization="IEEE",
  pages="267-270",
}
31
@article{zhang14JSS,
  author="Z. Zhang and J. Yan and Y. Zhao and J. Zhang",
  title="Generating combinatorial test suite using combinatorial optimization",
  journal="Journal of Systems and Software",
  volume="98",
  year="2014",
  pages="191-207"
}
32
@inproceedings{shiba04COMPSAC,
  author="T. Shiba and T. Tsuchiya and T. Kikuno",
  title="Using artificial life techniques to generate test cases for combinatorial testing",
  booktitle="Proceedings of the 28th Annual International Computer Software and Applications Conference (COMPSAC~'04)",
  organization="IEEE",
  year="2004",
  pages="72-77"
}
33
@inproceedings{bryce07GECCO,
  author="R.C. Bryce and C.J. Colbourn",
  title="One-test-at-a-time heuristic search for interaction test suites",
  booktitle="Proceedings of the 9th Annual Conference on Genetic and Evolutionary Computation (GECCO~'07)",
  year="2007",
  organization="ACM",
  pages="1082-1089"
}
34
@article{ahmed11JSS,
  author="B.S. Ahmed and K.Z. Zamli",
  title="A variable strength interaction test suites generation strategy using particle swarm optimization",
  journal="Journal of Systems and Software",
  volume="84",
  number="12",
  year="2011",
  pages="2171-2185"
}
35
@article{ahmed12ASC,
  author="B.S. Ahmed and K.Z. Zamli and C.P. Lim",
  title="Application of particle swarm optimization to uniform and variable strength covering array construction",
  journal="Applied Soft Computing",
  volume="12",
  number="4",
  year="2012",
  pages="1330-1347"
}
36
@article{lei08STVR,
  author="Y. Lei and R. Kacker and D.R. Kuhn and V. Okun and J. Lawrence",
  title="IPOG/IPOG-D: efficient test generation for multi-way combinatorial testing",
  journal="Software Testing, Verification and Reliability",
  volume="18",
  number="3",
  year="2008",
  pages="125-148"
}
37
@inproceedings{garvin09SSBSE,
  author="B.J. Garvin and M.B. Cohen and M.B. Dwyer",
  title="An improved meta-heuristic search for constrained interaction testing",
  booktitle="Proceedings of the 1st International Symposium on Search Based Software Engineering (SSBSE~'09)",
  year="2009",
  organization="IEEE",
  pages="13-22"
}
38
@article{garvin11ESE,
  author="B.J. Garvin and M.B. Cohen and M.B. Dwyer",
  title="Evaluating improvements to a meta-heuristic search for constrained interaction testing",
  journal="Empirical Software Engineering",
  volume="16",
  number="1",
  year="2011",
  pages="61-102"
}
39
@inproceedings{qu08ISSTA,
  author="X. Qu and M.B. Cohen and G. Rothermel",
  title="Configuration-aware regression testing: an empirical study of sampling and prioritization",
  booktitle="Proceedings of the 17th International Symposium on Software Testing and Analysis (ISSTA~'08)",
  organization="ACM",
  year="2008",
  pages="75-86",
}
40
@inproceedings{qu07ICSM,
  author="X. Qu and M.B. Cohen and K.M. Woolf",
  title="Combinatorial interaction regression testing: a study of test case generation and prioritization",
  booktitle="Proceedings of the 23th International Conference on Software Maintenance (ICSM~'07)",
  organization="IEEE",
  pages="255-264",
  year="2007"
}
41
@inproceedings{qu13ICSTW,
  author="X. Qu and M.B. Cohen",
  title="A study in prioritization for higher strength combinatorial testing",
  booktitle="Proceedings of the 6th IEEE International Conference on Software Testing, Verification and Validation Workshops (ICSTW~'13)",
  organization="IEEE",
  year="2013",
  pages="285-294"
}
42
@article{bryce06IST,
  author="R.C. Bryce and C.J. Colbourn",
  title="Prioritized interaction testing for pair-wise coverage with seeding and constraints",
  journal="Information and Software Technology",
  volume="48",
  number="10",
  year="2006",
  pages="960-970"
}
43
@inproceedings{kimoto08SSIRI,
  author="S. Kimoto and T. Tsuchiya and T. Kikuno",
  title="Pairwise testing in the presence of configuration change cost",
  booktitle="Proceedings of the 2nd International Conference on Secure System Integration and Reliability Improvement (SSIRI~'08)",
  organization="IEEE",
  year="2008",
  pages="32-38"
}
44
@inproceedings{srikanth09ISSRE,
  author="H. Srikanth and M.B. Cohen  and X. Qu",
  title="Reducing field failures in system configurable software: Cost-based prioritization",
  booktitle="Proceedings of the 20th International Symposium on Software Reliability Engineering (ISSRE~'09)",
  organization="IEEE",
  year="2009",
  pages="61-70"
}
45
@inproceedings{wu14ICSTW,
  author="H. Wu and C. Nie and F. Kuo",
  title="Test suite prioritization by switching cost",
  booktitle="Proceedings of the 7th IEEE International Conference on Software Testing, Verification and Validation Workshops (ICSTW~'14)",
  organization="IEEE",
  year="2014",
  pages="133-142"
  }
46
@article{zeller02TSE,
  author="A. Zeller and R. Hildebrandt",
  title="Simplifying and isolating failure-inducing input",
  journal=IEEE_J_SE,
  volume="28",
  number="2",
  year="2002",
  pages="183-200"
}
47
@incollection{shi05ICCS,
  author="L. Shi and C. Nie and B. Xu",
  title="A software debugging method based on pairwise testing",
  booktitle="Proceedings of the 5th International Conference on Computational Science (ICCS~'05)",
  publisher="Springer",
  year="2005",
  pages="1088-1091"
}
48
@inproceedings{zhang11ISSTA,
  author="Z. Zhang and J. Zhang",
  title="Characterizing failure-causing parameter interactions by adaptive testing",
  booktitle="Proceedings of the 20th International Symposium on Software Testing and Analysis (ISSTA~'11)",
  organization="ACM",
  year="2011",
  pages="331-341"
}
49
@inproceedings{niu13ICSTW,
  author="X. Niu and C. Nie and Y. Lei and A.T. Chan",
  title="Identifying failure-inducing combinations using tuple relationship",
  booktitle="Proceedings of the 6th IEEE International Conference on Software Testing, Verification and Validation Workshops (ICSTW~'13)",
  organization="IEEE",
  year="2013",
  pages="271-280"
}
50
@inproceedings{nie13QSIC,
  author="C. Nie and H. Leung and K-Y. Cai",
  title="Adaptive combinatorial testing",
  booktitle="Proceedings of the 13th International Conference on Quality Software (QSIC~'13)",
  organization="IEEE",
  year="2013",
  pages="284-287",
}
51
@inproceedings{fouche09ISSTA,
  author="S. Fouch and M.B. Cohen and A. Porter",
  title="Incremental covering array failure characterization in large configuration spaces",
  booktitle="Proceedings of the 18th International Symposium on Software Testing and Analysis (ISSTA~'09)",
  organization="ACM",
  year="2009",
  pages="177-188",
}
52
@inproceedings{dumlu11ISSTA,
  author="E. Dumlu and C. Yilmaz and M.B. Cohen and A. Porter",
  title="Feedback driven adaptive combinatorial testing",
  booktitle="Proceedings of the 20th International Symposium on Software Testing and Analysis (ISSTA~'11)",
  organization="ACM",
  year="2011",
  pages="243-253"
}
53
@inproceedings{dumlu11ISSTA1,
  author="E. Dumlu and C. Yilmaz and M.B. Cohen and A. Porter",
  title="Feedback driven adaptive combinatorial testing1",
  booktitle="Proceedings of the 21th International Symposium on Software Testing and Analysis (ISSTA~'11)",
  organization="ACM",
  year="2012",
  pages="243-253"
}
54
@article{Kuhn2010NIST,
  author="D.R. Kuhn and R.N. Kacker and Y. Lei",
  title="Practical Combinatorial testing",
  journal="NIST special Publication" ,
  volume="800",
  number="142",
  year="2010"
}
