1
@article{ChScience:SGarg1998IEEEJC,
  author        = "S. Garg and A. Puliafito and M. Telek and K.S. Trivedi",
  title         = "Analysis of preventive maintenance in transactions
                   based software systems",
  journal       = IEEE_J_C,
  volume        = "47",
  number        = "1",
  year          = "1998",
  pages         = "96-107"
}
2
@article{ChScience:Michael2010IEEEcommunition,
  author        = "M.Menth and F.Lehrieder and B.Briscoe and P.Eardley and T.Moncaster and J.Babiarz and A.Charny and X.Zhang and T.Taylor and K.Chan and D.Satoh and R.Geib and G. Karagiannis.",
  title         = "A Survey of PCN-Based Admission Control and Flow Termination",
  journal       = "{IEEE} Commun. Surveys Tuts.",
  volume        = "12",
  number        ="3",
  year          = "2010",
  pages         = "357-375"
}
3
@article{ChScience:MGrottke2007IEEEMC,
  author        = "M. Grottke and K.S. Trivedi",
  title         = "Fighting bugs: Remove, retry, replicate and rejuvenate",
  journal       = IEEE_M_C,
  volume        = "40",
  year          = "2007",
  pages         = "107-109"
}
4
@article{ChScience:JChen2010IEEEJournal,
  author        = "J. Chen and W. Xu and S. He and Y. Sun and P.Thulasiraman and X. Shen.",
  title         = "Utility-Based Asynchronous Flow Control Algorithm for Wireless Sensor Networks",
  journal       = "{IEEE} J. Sel. Areas Commun",
  volume        = "28",
  number        ="7",
  year          = "2010",
  pages         = "1116-1126"
}
5
@article{ChScience:SAlcock2011ACMSIGCOMMCCR,
  author        = "S.Alcock  and R.Nelson .",
  title         = "Application Flow Control in YouTube Video Streams",
  journal       = "ACM SIGCOMM Computer Communication Review",
  volume        = "41",
  number        ="2",
  year          = "2011",
  pages         = "24-30"
}

6
@inproceedings{ChScience:MGrottke2010DSN,
  author        = "M. Grottke and A. P. Nikora and K.S. Trivedi",
  title         = "An empirical investigation of fault types in space mission
                   system software",
  booktitle     = "Proc. 2010 international conference on
                   dependable systems \& networks (DSN)",
  year          ="2010",
  pages         ="447-456"
}
7
@inproceedings{ChScience:THDNguyen2012ACM,
  author        = "T.Nguyen and B.Adams and M.J.Zhen and H.E.Ahmed and N.Mohamed  and F.Parminder",
  title         = "Automated Detection of Performance Regressions Using Statistical Process Control Techniques",
  booktitle     = "Proceedings of the third joint WOSP/SIPEW international conference on Performance Engineering, ACM",
  year          ="2012",
  pages         ="299-310"
}
8
@inproceedings{ChScience:SGarg1998ISSRE,
  author        = "S. Garg and A. van Moorsel and K. Vaidyanathan
                   and K. S. Trivedi",
  title         = "A methodology for detection and estimation of software aging",
  booktitle     = "Proc. 9\textsuperscript{th} international symposium on software reliability
                   engineering",
  year          = "1998",
  pages         = "283-292"
}
9
@conference{JZhao2011,
    author       = "J. Zhao and Y. L. Jin and K. S. Trivedi and R. Matias",
    title        = "Injecting memory leak to accelerate software failures",
    booktitle = "Proc. 22\textsuperscript{th} international symposium on software reliability engineering",
    year         = "2011",
    pages        = "260-269"
}
10
@inproceedings{ChScience:YHuang1995SFTC,
  author        = "Y. Huang and C. Kinatla and N. Kolertis",
  title         = "Software Rejuvenation: Analysis, Module and Applications",
  booktitle     = "Proc. 25\textsuperscript{th} symposium on fault
                   tolerant computing",
  year          = "1995",
  pages         = "381-390"
}

11
@inproceedings{ChScience:YFJia2008APSEC,
  author        = "Y.F Jia and L. Zhao and K.Y. Cai",
  title         = "A Nonlinear approach to modeling of software aging in
                   a web server",
  booktitle     = "Proc. 15\textsuperscript{th} asia-pacific software
                   engineering conference",
  year          = "2008",
  pages         = "77-84"
}

12
@article{ChScience:EMarshall1992Science,
  author        = "E. Marshall",
  title         = "Fatal Error: How Patriot Overlooked a Scud",
  journal       = "Science",
  volume        = "255",
  number        = "5050",
  year          = "1992",
  pages         = "1347"
}

13
@article{ChScience:KYCai2006JCST,
  author        = "K.Y. Cai",
  title         = "Software reliability and control",
  journal       = "Journal of computer science and technology",
  volume        = "21",
  number        = "5",
  year          = "2006",
  pages         = "697-707"
}

14
@inproceedings{ChScience:KJCassidy2002ICDS,
  author        = "K.J. Cassidy and K.C. Gross and A. Malekpour",
  title         = "Advanced pattern recognition for detection of complex
                   software aging in online transaction processing servers",
  booktitle     = "Proc. international conference on dependable systems
                   and networks",
  year          = "2002",
  pages         = "478-482"
}

15
@article{ChScience:XMZhang2002JSS,
  author        = "X.M. Zhang and H. Pham",
  title         = "Predicting operational software availability and it's
                   applications to telecommunication systems",
  journal       = "International journal of systems science",
  volume        = "33",
  number        = "11",
  year          = "2002",
  pages         = "923-930"
}

16
@inproceedings{ChScience:AAvritzer2006DSN,
  author        = "A. Avritzer and A. Bondi and M. Grottke and K.S. Trivedi and E.J. Weyuker",
  title         = "Performance assurance via software rejuvenation:
                   Monitoring, statistics and algorithms",
  booktitle     = "Proc. 2006 international conference on
                   dependable systems \& networks (DSN)",
  year          = "2006",
  pages         = "435-444"
}

17
@misc{ChScience:NetcraftWSSA,
  title         = "Netcraft web server survey archive",
  note           = {\url{http://news.netcraft.com/archives/web_server_survey.html}}
}

18
@article{ChScience:MGrottke2006IEEEJR,
  author        = "M. Grottke and L. Li and K. Vaidyanathan and K.S Trivedi",
  title         = "Analysis of Software Aging in a Web Server",
  journal       = IEEE_J_R,
  volume        = "55",
  number        = "3",
  year          = "2006",
  pages         = "411-420"
}
19
@article{RMatias2010IEEEJR,
   author  = "R. Matias and P. A. Barbetta and K. S. Trivedi",
   title   = "Accelerated Degradation tests applied to software aging experiments",
   journal = IEEE_J_R,
   volume="59",
    number="1",
   year    = "2010",
   pages   = "102-114"
}
20
@article{ChScience:KVaidyanathan2005IEEEJDSC,
  author        = "K. Vaidyanathan and K.S. Trivedi",
  title         = "A comprehensive model for software rejuvenation",
  journal       = IEEE_J_DSC,
  volume        = "2",
  number        = "2",
  year          = "2005",
  pages         = "124-137"
}

21
@misc{ChScience:Apache,
  title         = "Apache web server",
  note           = {\url{http://www.apache.org}}
}

22
@inproceedings{ChScience:YFJia2008ISSRE,
  author        = "Y-F. Jia and Y.S. Jing and K-Y. Cai",
  title         = "A feedback control approach for software rejuvenation
                   in a web server",
  booktitle     = "Proc. 2008 {IEEE} international conference on software
                   reliability engineering workshops (ISSRE)",
  year          = "2008",
  pages         = "1-6"
}

23
@inproceedings{ChScience:JCao2003ICT,
  author        = "J. Cao and M. Andersson and C. Nyberg and M. Kihl",
  title         = "Web server performance modeling using an M/G/1/k*ps queue",
  booktitle     = "10\textsuperscript{th} international conference on
                   telecommunications (ICT)",
  year          = "2003",
  pages         = "1501-1506"
}

24
@article{ChScience:KSTrivedi2005ACM,
  author        = "K.S. Trivedi and S. Robin",
  title         = "SHARPE at the age of twenty two",
  journal       = "ACM SIGMETRICS Performance Evaluation Review",
  volume        = "36",
  number        = "4",
  year          = "2009",
  pages         = "52-57"
}

25
@article{ChScience:AAvritzer1997ESE,
  author        = "A. Avritzer and E.J.Weyuker",
  title         = "Monitoring smoothing degrading systems for
                   increased dependability",
  journal       = "Empirical Software Engineering",
  volume        = "2",
  number        = "1",
  year          = "1997",
  pages         = "59-77"
}
26
@article{Gilly2012informationscience,
  author        = "K. Gilly,C.Juiz, N.Thomas and R.Puigjaner",
  title         = "Adaptive admission control algorithm in a 
                   Qos-aware web system",
  journal       = "Information sciences",
  volume        = "199",
  number        = "1",
  year          = "2012",
  pages         = "58-77"
}
27
@book{ChScience:KSTrivedi2001PS,
  author        = "K. S. Trivedi",
  title         = "Probability and Statistics with Reliability,
                   Queuing and Computer Science Applications",
  edition       = "Second",
  publisher     = "Wiley",
  year          = "2001"
}

28
@book{ChScience:DGross1985FQ,
  author        = "D. Gross and C.M. Harris",
  title         = "Fundamentals of queuing theory",
  edition       = "Second",
  publisher     = "John Wiley \& Sons. Inc",
  year          = "1985"
}

29
@article{ChScience:PGHarrison1981CP,
  author        = "P.G. Harrison",
  title         = "Approximate analysis and prediction of time delay
                   distribution in networks of queues",
  journal       = "Computer Performance",
  volume        = "2",
  year          = "1981",
  pages         = "124-135"
}

30
@phdthesis{ChScience:SPWoolet1993PHD,
  author        = "S.P. Woolet",
  title         = "Performance analysis of computer networks",
  school        = "Department of Electrical Engineering, Duke University",
  address       = "Durham",
  year          = "1993"
}

31
@book{ChScience:GBolch2006QN,
  author        = "G. Bolch and S. Greiner and H. Meer and K.S. Trivedi",
  title         = "Queueing Networks and Markov Chains:
                   Modeling and Performance Evaluation with
                   Computer Science Applications",
  edition       = "Second",
  publisher     = "John Wiley",
  address       = "New York, NY",
  year          = "2006"
}

32
@book{ChScience:MFNeuts1994MG,
  author        = "M.F. Neuts",
  title         = "Matrix-Geometric solution in stochastic models:
                   an algorithmic approach",
  edition       = "Corrected",
  publisher     = "Dover publications",
  address       = "Mineola",
  year          = "1994"
}

33
@inproceedings{ChScience:JingZhaoWoSAR11,
  author        = "Jing Zhao and Kishor S. Trivedi",
  title         = "Performance modeling of Apache web server affected by aging",
  booktitle     = "The 3\textsuperscript{rd} international workshop on software aging and rejuvenation",
  year          = "2011",
  pages         = "56-61"
}
